@manual{nrf52sdk,
  title={nRF5 SDK Documentation},
  author={Nordic Semiconductor},
  address={Karenslyst Allé 5, 0278 Oslo, Norway},
  date={2019-02},
  url={https://infocenter.nordicsemi.com/index.jsp?topic=\%2Fcom.nordic.infocenter.sdk5.v15.3.0},
}
@manual{nrf52840,
  title={nRF52840 Product Specification},
  author={Nordic Semiconductor},
  address={Karenslyst Allé 5, 0278 Oslo, Norway},
  date={2019-03-04},
  version={1.1},
  url={https://infocenter.nordicsemi.com/pdf/nRF52840_PS_v1.1.pdf},
  pages={619},
}
@manual{s140,
  title={S140 SoftDevice Specification},
  author={Nordic Semiconductor},
  address={Karenslyst Allé 5, 0278 Oslo, Norway},
  date={2018-03-20},
  version={1.1},
  url={https://infocenter.nordicsemi.com/pdf/S140_SDS_v1.1.pdf},
  pages={99},
}
@manual{winbond,
  title={W25N01GVxxIG/IT 3V 1G-Bit Serial SLC NAND Flash Memory With Dual/Quad SPI},
  date={2016-03-21},
  version={Revision G},
  author={Winbond Electronics Corporation},
  address={No. 8號, Keya 1st Road, Daya District, Taichung City, Taiwan 428},
  url={https://www.winbond.com/resource-files/w25n01gv\%20revg\%20032116.pdf},
  pages={68},
}
@manual{nrf52dk,
  title={nRF52832 Development Kit v1.1.x User Guide},
  version={1.2},
  author={Nordic Semiconductor},
  address={Karenslyst Allé 5, 0278 Oslo, Norway},
  date={2017-02-15},
  url={https://infocenter.nordicsemi.com/pdf/nRF52_DK_User_Guide_v1.2.pdf},
  pages={30},
}
@manual{segger,
  title={J-Link / J-Trace User Guide},
  author={SEGGER Microcontroller GmbH},
  address={Ecolab-Allee 5, D-40789 Monheim am Rhein, Germany},
  number={UM08001},
  version={6.44 revision 2},
  date={2019-04-25},
  url={https://www.segger.com/downloads/jlink/UM08001},
  pages={420},
}
