@manual{nrf52sdk,
  title={nRF5 SDK Documentation},
  author={Nordic Semiconductor},
  address={Karenslyst Allé 5, 0278 Oslo, Norway},
  date={2019-02},
  url={https://infocenter.nordicsemi.com/index.jsp?topic=\%2Fcom.nordic.infocenter.sdk5.v15.3.0},
}
@manual{nrf52840,
  title={nRF52840 Product Specification},
  author={Nordic Semiconductor},
  address={Karenslyst Allé 5, 0278 Oslo, Norway},
  date={2019-03-04},
  version={1.1},
  url={https://infocenter.nordicsemi.com/pdf/nRF52840_PS_v1.1.pdf},
  pagetotal={619},
}
@manual{s140,
  title={S140 SoftDevice Specification},
  author={Nordic Semiconductor},
  address={Karenslyst Allé 5, 0278 Oslo, Norway},
  date={2018-03-20},
  version={1.1},
  url={https://infocenter.nordicsemi.com/pdf/S140_SDS_v1.1.pdf},
  pagetotal={99},
}
@manual{winbond,
  title={W25N01GVxxIG/IT 3V 1G-Bit Serial SLC NAND Flash Memory With Dual/Quad SPI},
  date={2016-03-21},
  version={Revision G},
  author={Winbond Electronics Corporation},
  address={No. 8號, Keya 1st Road, Daya District, Taichung City, Taiwan 428},
  url={https://www.winbond.com/resource-files/w25n01gv\%20revg\%20032116.pdf},
  pagetotal={68},
}
@manual{nrf52dk,
  title={nRF52832 Development Kit v1.1.x User Guide},
  version={1.2},
  author={Nordic Semiconductor},
  address={Karenslyst Allé 5, 0278 Oslo, Norway},
  date={2017-02-15},
  url={https://infocenter.nordicsemi.com/pdf/nRF52_DK_User_Guide_v1.2.pdf},
  pagetotal={30},
}
@manual{segger,
  title={J-Link / J-Trace User Guide},
  author={SEGGER Microcontroller GmbH},
  address={Ecolab-Allee 5, D-40789 Monheim am Rhein, Germany},
  number={UM08001},
  version={6.44 revision 2},
  date={2019-04-25},
  url={https://www.segger.com/downloads/jlink/UM08001},
  pagetotal={420},
}
@techreport{superblocks,
  title={Memory Management in NAND Flash Arrays},
  author={Micron},
  address={8000 S Federal Way, Boise, ID 83716},
  number={TN-29-28},
  date={2005},
  pagetotal={10},
  url={https://www.micron.com/-/media/documents/products/technical-note/nand-flash/tn2928.pdf},
}
@inproceedings{needtoknow,
  author = {Desnoyers, Peter},
  date={2013-06-06},
  title = {What Systems Researchers Need to Know about NAND Flash},
}
@inproceedings {needtoknow,
 author = {Peter Desnoyers},
 title = {What Systems Researchers Need to Know about {NAND} Flash},
 booktitle = {Presented as part of the 5th {USENIX} Workshop on Hot Topics in Storage and File Systems},
 year = {2013},
 address = {San Jose, CA},
 url = {https://www.usenix.org/conference/hotstorage13/workshop-program/presentation/Desnoyers},
 publisher = {{USENIX}},
}
@inproceedings{anomalies,
 author = {Grupp, Laura M. and Caulfield, Adrian M. and Coburn, Joel and Swanson, Steven and Yaakobi, Eitan and Siegel, Paul H. and Wolf, Jack K.},
 title = {Characterizing Flash Memory: Anomalies, Observations, and Applications},
 booktitle = {Proceedings of the 42Nd Annual IEEE/ACM International Symposium on Microarchitecture},
 series = {MICRO 42},
 year = {2009},
 isbn = {978-1-60558-798-1},
 location = {New York, New York},
 pages = {24--33},
 numpages = {10},
 url = {http://doi.acm.org/10.1145/1669112.1669118},
 doi = {10.1145/1669112.1669118},
 acmid = {1669118},
 publisher = {ACM},
 address = {New York, NY, USA},
 keywords = {characterization, flash memory, non-volatile},
}
@inproceedings{interference,
 author = {Yu Cai and Onur Mutlu and Erich F. Haratsch and Ken Mai},
 title = {Program Interference in MLC NAND Flash Memory: Characterization, Modeling, and Mitigation},
 year = {2013},
 booktitle={IEEE 31st International Conference on Computer Design},
}
